
%Manual
@manual{AMANCO2014,
address={Local},
author={AMANCO AMANCO},
edition={edicao},
pages={Total de paginas},
organization={instituicao},
org-short={SIGLA},
title={Titulo},
year={2014},
url={www.berg.com},
urlaccessdate={20 dez. de 2015}}

@manual{ABRAMAT2017,
address={Local},
author={ABRAMAT ABRAMAT},
edition={edicao},
pages={Total de paginas},
organization={instituicao},
org-short={SIGLA},
title={Titulo},
year={2017},
url={www.berg.com},
urlaccessdate={20 dez. de 2015}}

@manual{SIMACON2017,
address={Local},
author={SIMACON,SIMACON},
edition={edicao},
pages={Total de paginas},
organization={instituicao},
org-short={SIGLA},
title={Titulo},
year={2017},
url={www.berg.com},
urlaccessdate={20 dez. de 2015}}

%Artigo de evento
@inproceedings{Pascoal2008,
address={Local da publicacao},
author={Pascoal},
booktitle={Anais...},
conference-location={Local do evento},
conference-number={Numero do evento},
conference-year={Ano do evento},
title={Titulo do artigo},
organization={Nome do evento},
pages={Pagina inicial-Pagina final}, 
publisher={Entidade organizadora}, 
year={2008}
}

%Artigo de evento
@inproceedings{Correa2004,
address={Local da publicacao},
author={Correa},
booktitle={Anais...},
conference-location={Local do evento},
conference-number={Numero do evento},
conference-year={Ano do evento},
title={Titulo do artigo},
organization={Nome do evento},
pages={Pagina inicial-Pagina final}, 
publisher={Entidade organizadora}, 
year={2004}
}

%Artigo de evento
@inproceedings{Matias2007,
address={Local da publicacao},
author={Matias},
booktitle={Anais...},
conference-location={Local do evento},
conference-number={Numero do evento},
conference-year={Ano do evento},
title={Titulo do artigo},
organization={Nome do evento},
pages={Pagina inicial-Pagina final}, 
publisher={Entidade organizadora}, 
year={2007}
}

%Artigo de evento
@inproceedings{MAXIMIANO2005,
address={Local da publicacao},
author={MAXIMIANO},
booktitle={Anais...},
conference-location={Local do evento},
conference-number={Numero do evento},
conference-year={Ano do evento},
title={Titulo do artigo},
organization={Nome do evento},
pages={Pagina inicial-Pagina final}, 
publisher={Entidade organizadora}, 
year={2005}
}

%Artigo de evento
@inproceedings{Campos2013,
address={Local da publicacao},
author={Campos},
booktitle={Anais...},
conference-location={Local do evento},
conference-number={Numero do evento},
conference-year={Ano do evento},
title={Titulo do artigo},
organization={Nome do evento},
pages={Pagina inicial-Pagina final}, 
publisher={Entidade organizadora}, 
year={2013}
}

%Artigo de evento
@inproceedings{ABRANTES2001,
address={Local da publicacao},
author={ABRANTES},
booktitle={Anais...},
conference-location={Local do evento},
conference-number={Numero do evento},
conference-year={Ano do evento},
title={Titulo do artigo},
organization={Nome do evento},
pages={Pagina inicial-Pagina final}, 
publisher={Entidade organizadora}, 
year={2001}
}

%Artigo de evento
@inproceedings{GREIF1989,
address={Local da publicacao},
author={Greif},
booktitle={Anais...},
conference-location={Local do evento},
conference-number={Numero do evento},
conference-year={Ano do evento},
title={Titulo do artigo},
organization={Nome do evento},
pages={Pagina inicial-Pagina final}, 
publisher={Entidade organizadora}, 
year={1989}
}

%Artigo de evento
@inproceedings{DREW2004,
address={Local da publicacao},
author={Drew},
booktitle={Anais...},
conference-location={Local do evento},
conference-number={Numero do evento},
conference-year={Ano do evento},
title={Titulo do artigo},
organization={Nome do evento},
pages={Pagina inicial-Pagina final}, 
publisher={Entidade organizadora}, 
year={2004}
}

%Artigo de evento
@inproceedings{YIN2010,
address={Local da publicacao},
author={Yin},
booktitle={Anais...},
conference-location={Local do evento},
conference-number={Numero do evento},
conference-year={Ano do evento},
title={Titulo do artigo},
organization={Nome do evento},
pages={Pagina inicial-Pagina final}, 
publisher={Entidade organizadora}, 
year={2010}
}




%%%%
% Exemplos


%Artigo de periodico
@article{article2016,
address={Local},
author={Autor Artigodeperiodico},
journal={Revista ou periódico},
number={Numero},
pages={Pagina inicial-Pagina final},  
title={Titulo},
volume={Volume},
year={Ano}
}


%Artigo de evento
@inproceedings{inproceedings2016,
address={Local da publicacao},
author={Autor Artigodeevento},
booktitle={Anais...},
conference-location={Local do evento},
conference-number={Numero do evento},
conference-year={Ano do evento},
title={Titulo do artigo},
organization={Nome do evento},
pages={Pagina inicial-Pagina final}, 
publisher={Entidade organizadora}, 
year={ano}
}


%Livro
@book{book2016,
address={Local},
author={Autor Livro},
edition={Numero da edição},
pages={Total de paginas},  
publisher={Editora},
title={Titulo},
year={ano}
}	


%Cap.de livro. (usado qdo autor do capitulo for o autor do livro)
@inbook{inbook2016,
address={Local},
author={Autor Capitulosemorganizador},
booktitle={Titulo do livro},
chapter={Numero do Capitulo},
edition={NUmero da edicao},
pages={Pagina inicial-Pagina final},  
publisher={Editora},
title={Titulo do capitulo},
year={Ano}
}


%Cap.de livro. (usado qdo autor do capitulo nao for o autor do livro) OBS: Nao muda o valor da linha editortype
@incollection{incollection2016,
address={Local},
author={Autor Capitulocomorganizador},
booktitle={Titulo do livro},
chapter={Num. do capitulo},
editor={Nome do Editor},
editortype={Org.},
edition={Numero da edicao},
pages={Pagina inicial-Pagina final},  
publisher={Editora},
title={Titulo},
year={Ano}
}


%Monografia - Graduacao
@monography{monographya2016,
address={Local},
author={Autor Monografiagraduacao},
school={Instituicao},
title={Titulo},
type={Gradua\c c\~ao em...},
year={Ano}
}

%Monografia - especializacao
@monography{monographyb2016,
address={Local},
author={Autor Monografiaespecializacao},
school={Instituicao},
title={Titulo},
type={Especializa\c c\~ao em...},
year={Ano}
}


%Dissertacao
@mastersthesis{masterthesis2016,
address={Local},
author={Autor Dissertacao},
pages={Total de paginas},
school={Instituicao},
title={Titulo},
type={Mestrado em...},
year={Ano}
}

%Tese
@phdthesis{phdthesis2016,
address={Local},
author={Autor Tese},
pages={Total de paginas},
school={Instituicao},
title={Titulo},
type={Doutorado em...},
year={Ano}}

%Manual
@manual{manual2016,
address={Local},
author={Autor Manual},
edition={edicao},
pages={Total de paginas},
organization={instituicao},
org-short={SIGLA},
title={Titulo},
year={Ano},
url={www.berg.com},
urlaccessdate={20 dez. de 2015}}


%EXEMPLO
@book{tanebaum2010,
	address={S\~{a}o Paulo},
	author={Andrew S. HIGO},
	edition={3},
	pages={638},  
	publisher={Pearlson Prentice Hall},
	title={Sistemas Operacionais Modernos},
	year={2010}}	
}
